% Encoding: UTF-8
@article{han2024cancer,
  title={Cancer incidence and mortality in China, 2022},
  author={Han, Bingfeng and Zheng, Rongshou and Zeng, Hongmei and Wang, Shaoming and Sun, Kexin and Chen, Ru and Li, Li and Wei, Wenqiang and He, Jie},
  journal={Journal of the National Cancer Center},
  volume={4},
  number={1},
  pages={47--53},
  year={2024},
  publisher={Elsevier}
}


